% -*- root: projekt.tex -*-


@book{Modra,
    author = {Lukáš Sekanina and Zdeněk Vašíček and Richard Růžička and
        Michal Bidlo and Jiří Jaroš and Petr Švenda},
    key = {Sekanina, L.; Vasicek, Z.; Ruzicka, R.},
    title = {Evoluční hardware: Od automatického generování
        patentovatelných invencí k sebemodifikujícím se strojům},
    pages = {328},
    series = {Edice Gerstner, sv.~4},
    year = {2009},
    location = {Praha},
    publisher = {Academia},
    ISBN = {978-80-200-1729-1},
    language = {czech}
}


@book{Zelena,
    author = {Julian F. Miller (Ed.)},
    title = {Cartesian Genetic Programming},
    pages = {344},
    year = {2011},
    publisher = {Springer-Verlag Berlin Heidelberg},
    ISBN = {978-3-642-17309-7},
    language = {english}
}


@incollection{ZelenaCGP,
    author = {Julian F. Miller},
    title = {Cartesian Genetic Programming},
    booktitle = {Cartesian Genetic Programming},
    pages = {17--34},
    year = {2011},
    publisher = {Springer-Verlag Berlin Heidelberg},
    ISBN = {978-3-642-17309-7},
    language = {english}
}


@incollection{ZelenaIF,
    author = {Lukas Sekanina and Simon L. Harding and Wolfgang Banzhaf and Taras Kowaliw},
    title = {Image Processing and CGP},
    booktitle = {Cartesian Genetic Programming},
    pages = {181--214},
    year = {2011},
    publisher = {Springer-Verlag Berlin Heidelberg},
    ISBN = {978-3-642-17309-7},
    language = {english}
}


@book{Handbook,
    author = {Rozenberg, Grzegorz and Bäck, Thomas and Kok, Joost N.},
    title = {Handbook of Natural Computing},
    year = {2011},
    isbn = {978-3-540-92909-3},
    _edition = {1},
    fullpublisher = {Springer Publishing Company, Incorporated},
    publisher = {Springer},
}


@incollection{HandbookEA,
    author = {Kenneth De Jong},
    title = {Generalized Evolutionary Algorithms},
    _editor = {Rozenberg, Grzegorz and Bäck, Thomas and Kok, Joost N.},
    booktitle = {Handbook of Natural Computing},
    pages = {626--635},
    year = 2011,
    isbn = {978-3-540-92909-3},
    _edition = {1st},
    fullpublisher = {Springer Publishing Company, Incorporated},
    publisher = {Springer},
}

@incollection{HandbookGA,
    author = {Darrell Whitley and Andrew M. Sutton},
    title = {Genetic Algorithms -- A Survey of Models and Methods},
    booktitle = {Handbook of Natural Computing},
    pages = {638--669},
    year = 2011,
    isbn = {978-3-540-92909-3},
    _edition = {1},
    fullpublisher = {Springer Publishing Company, Incorporated},
    publisher = {Springer},
}


@incollection{HandbookGP,
    author = {Leonardo Vanneschi and Riccardo Poli},
    title = {Genetic Programming -- Introduction, Applications, Theory and Open Issues},
    booktitle = {Handbook of Natural Computing},
    pages = {710--734},
    year = 2011,
    isbn = {978-3-540-92909-3},
    _edition = {1},
    fullpublisher = {Springer Publishing Company, Incorporated},
    publisher = {Springer},
}


@incollection{HandbookCoev,
    author = {Elena Popovici and Anthony Bucci and R. Paul Wiegand and Edwin D. de Jong},
    title = {Coevolutionary Principles},
    booktitle = {Handbook of Natural Computing},
    pages = {988--1028},
    year = 2011,
    isbn = {978-3-540-92909-3},
    _edition = {1},
    fullpublisher = {Springer Publishing Company, Incorporated},
    publisher = {Springer},
}


@incollection{SikuEuroGP,
    title={Coevolution in cartesian genetic programming},
    author={Michaela Šikulová and Lukáš Sekanina},
    booktitle={Genetic Programming},
    pages={182--193},
    year={2012},
    publisher={Springer},
    isbn={978-3-642-29138-8},
    series={Lecture Notes in Computer Science},
    number={7244},
    _editor={Moraglio, Alberto and Silva, Sara and Krawiec, Krzysztof and Machado, Penousal and Cotta, Carlos},
}


@incollection{SikuPPSN,
    title={Acceleration of evolutionary image filter design using coevolution in cartesian GP},
    author={Michaela Sikulova and Lukas Sekanina},
    key={Sikulova Michaela; Sekanina Lukas},
    booktitle={Parallel Problem Solving from Nature-PPSN XII},
    pages={163--172},
    year={2012},
    publisher={Springer},
    issn={0302-9743},
    volume={},
    isbn={978-3-642-32937-1},
    series={Lecture Notes in Computer Science},
    number={7491},
}


@inproceedings{SikuHulva,
   author = {Michaela Sikulova and Jiri Hulva and Lukas Sekanina},
   title = {Indirectly Encoded Fitness Predictors Coevolved with
    Cartesian Programs},
   booktitle = {Proc. of the 18th European Conference on Genetic Programming},
   pages = {113--125},
   year = {2015},
}



@inproceedings{Hrbacek,
    author = {Radek Hrbáček and Michaela Šikulová},
    key={Hrbacek Radek; Sikulova Michaela},
    title = {Coevolutionary Cartesian Genetic Programming in FPGA},
    pages = {431--438},
    booktitle = {Advances in Artificial Life, ECAL 2013},
    year = {2013},
    location = {Cambridge (USA)},
    publisher = {MIT Press},
    ISBN = {978-0-262-31709-2},
    language = {english},
}


@inproceedings{SikuKomjathy,
    author = {Michaela Sikulova and Gergely Komjathy and Lukas Sekanina},
    key={Sikulova Michaela; Komjathy Gergely; Sekanina Lukas},
    title = {Towards Compositional Coevolution in Evolutionary Circuit Design},
    pages = {157--164},
    booktitle = {2014 IEEE International Conference on Evolvable Systems Proceedings},
    year = {2014},
    location = {Piscataway (USA)},
    publisher = {Institute of Electrical and Electronics Engineers},
    ISBN = {978-1-4799-4479-8},
    language = {english},
}


@article{Baldwin,
    title = {A New Factor in Evolution},
    author = {Baldwin, J. Mark},
    journal = {The American Naturalist},
    volume = {30},
    number = {354},
    pages = {441--451},
    xurl = {http://www.jstor.org/stable/2453130},
    ISSN = {00030147},
    language = {english},
    year = {1896},
    publisher = {The University of Chicago Press for The American Society of Naturalists}
}


@article{HowToShiftBias,
    title={How to shift bias: Lessons from the Baldwin effect},
    author={Turney, Peter},
    journal={Evolutionary Computation},
    volume={4},
    number={3},
    year={1996},
    pages={271--295},
    publisher={MIT Press},
    issn={1063-6560},
}


@article{HintonNowlan,
    title={How learning can guide evolution},
    author={Geoffrey E. Hinton and Steven J. Nowlan},
    journal={Complex systems},
    volume={1},
    number={3},
    pages={495--502},
    year={1987},
    issn={0891-2513},
}


@inproceedings{EllefsenBalancing,
    title={Balancing the Costs and Benefits of Learning Ability},
    author={Kai Olav Ellefsen},
    pages={292--299},
    booktitle = {Advances in Artificial Life, ECAL 2013},
    volume = {12},
    year = {2013},
    location = {Cambridge (USA)},
    publisher = {MIT Press},
    ISBN = {978-0-262-31709-2},
    language = {english},
}


@inproceedings{UllahPlasticCGP,
    author={Fahad Ullah and Gul Muhammad Khan and Sahibzada A. Mahmud},
    booktitle={2012 IEEE Symposium on Computers and Informatics (ISCI)},
    title={Exploiting developmental plasticity in Cartesian Genetic Programming},
    year={2012},
    month={March},
    pages={180--184},
    isbn={978-1-4673-1685-9},
}


@inproceedings{KhatirPlasticCGP,
    author={Mehrdad Khatir and Amir Hossein Jahangir and Hamid Beigy},
    booktitle={2008 IEEE Congress on Evolutionary Computation},
    title={Investigating the Baldwin effect on Cartesian Genetic Programming efficiency},
    year={2008},
    month={June},
    pages={2360--2364},
    isbn={978-1-4244-1822-0},
}


@article{Hillis,
    author = {Hillis, W. Daniel},
    title = {Co-evolving parasites improve simulated evolution as an optimization procedure},
    journal = {Physica D: Nonlinear Phenomena},
    issue_date = {June 1990},
    volume = {42},
    number = {1--3},
    month = jun,
    year = {1990},
    issn = {0167-2789},
    pages = {228--234},
    numpages = {7},
    acmid = {87560},
    publisher = {Elsevier Science Publishers B. V.},
    address = {Amsterdam, The Netherlands, The Netherlands},
}


@incollection{Miller2000,
    year={2000},
    isbn={978-3-540-67339-2},
    booktitle={Genetic Programming},
    series={Lecture Notes in Computer Science},
    number={1802},
    _editor={Poli, Riccardo and Banzhaf, Wolfgang and Langdon, William B. and Miller, Julian and Nordin, Peter and Fogarty, TerenceC.},
    _doi={10.1007/978-3-540-46239-2_9},
    title={Cartesian Genetic Programming},
    publisher={Springer Berlin Heidelberg},
    author={Miller, Julian F. and Thomson, Peter},
    pages={121--132},
    language={english}
}


%  author = {IT4I\lowercase{nnovations}},
@online{AnselmSpecs,
  author = {IT4Innovations},
  title = {Anselm Cluster Documentation: Hardware Overview},
  url = {https://docs.it4i.cz/anselm-cluster-documentation/hardware-overview},
  urldate = {2015-03-18}
}


@article{IntelAvx512,
    author = {James Reinders},
    title = {AVX-512 instructions},
    journal = {Intel Software Blogs},
    date = {2013-07-23},
    url = {https://software.intel.com/en-us/blogs/2013/avx-512-instructions},
    urldate = {2015-04-08},
}


@ARTICLE{IntelAvx2,
    author = {Mark Buxton},
    title = {Haswell New Instruction Descriptions Now Available!},
    journal = {Intel Software Blogs},
    date = {2011-06-13},
    url = {https://software.intel.com/en-us/blogs/2011/06/13/haswell-new-instruction-descriptions-now-available/},
    urldate = {2015-04-08},
}


% Optional fields: volume, number, pages, month, note
@ARTICLE{IntelAvx,
    author = {Chris Lomont},
    title = {Introduction to Intel® Advanced Vector Extensions},
    date = {2011-06-21},
    url = {https://software.intel.com/en-us/articles/introduction-to-intel-advanced-vector-extensions},
    urldate = {2015-04-08},
}



@INPROCEEDINGS{IntelMMX,
    author={Lempel, O. and Peleg, A. and Weiser, U.},
    booktitle={Compcon '97. Proceedings, IEEE},
    title={Intel's MMX\texttrademark{} Technology - A New Instruction Set Extension},
    year={1997},
    month={Feb},
    pages={255-259},
    ISSN={1063-6390},
}


@ARTICLE{IntelSSE,
    author={Thakkur, S. and Huff, T.},
    journal={Computer},
    title={Internet Streaming SIMD Extensions},
    year={1999},
    month={Dec},
    volume={32},
    number={12},
    pages={26-34},
    ISSN={0018-9162},
}


@ARTICLE{IntelSSEDefine,
    author={{Intel Corporation}},
    title={Processors -- Define SSE2, SSE3 and SSE4},
    year={2015},
    month={Feb},
    url = {http://www.intel.com/support/processors/sb/CS-030123.htm?wapkw=sse2},
    urldate = {2015-04-08},
}
