@inproceedings{SikuHulva,
   author = {Michaela SIKULOVA and Jiri HULVA and Lukas SEKANINA},
   title = {Indirectly Encoded Fitness Predictors Coevolved with
    Cartesian Programs},
   booktitle = {Proc. of the 18th European Conference on Genetic Programming},
   pages = {113--125},
   year = {2015},
}


@incollection{Miller2000,
    year={2000},
    isbn={978-3-540-67339-2},
    booktitle={Genetic Programming},
    series={Lecture Notes in Computer Science},
    number={1802},
    _editor={POLI, Riccardo and BANZHAF, Wolfgang and LANGDON, William B. and MILLER, Julian and NORDIN, Peter and FOGARTY, TerenceC.},
    _doi={10.1007/978-3-540-46239-2_9},
    title={Cartesian Genetic Programming},
    publisher={Springer Berlin Heidelberg},
    author={MILLER, Julian F. and THOMSON, Peter},
    pages={121--132},
    language={english}
}


@incollection{HandbookCoev,
    author = {Elena POPOVICI and Anthony BUCCI and R. Paul WIEGAND and Edwin D. de JONG},
    title = {Coevolutionary Principles},
    booktitle = {Handbook of Natural Computing},
    pages = {988--1028},
    year = 2011,
    isbn = {978-3-540-92909-3},
    _edition = {1},
    fullpublisher = {Springer Publishing Company, Incorporated},
    publisher = {Springer},
}


@ARTICLE{Schmidt,
 author={SCHMIDT, M.D. and LIPSON, H.},
 journal={Evolutionary Computation, IEEE Transactions on},
 title={Coevolution of Fitness Predictors},
 year={2008},
 month={Dec},
 volume={12},
 number={6},
 pages={736-749},
 keywords={approximation theory;evolutionary computation;regression analysis;accuracy loss;evolutionary progress;fitness evaluation cost reduction;fitness predictors;model approximation level;model learning investment;solution bloat reduction;symbolic regression problem;Bloat Reduction;coevolution;fitness modeling;symbolic regression},
 doi={10.1109/TEVC.2008.919006},
 ISSN={1089-778X},}


@incollection{SikuEuroGP,
    title={Coevolution in cartesian genetic programming},
    author={Michaela ©IKULOVÁ and Luká¹ SEKANINA},
    key={SIKULOVA, M.; SEKANINA, L.},
    booktitle={Genetic Programming},
    pages={182--193},
    year={2012},
    publisher={Springer},
    isbn={978-3-642-29138-8},
    series={Lecture Notes in Computer Science},
    number={7244},
    _editor={Moraglio, Alberto and Silva, Sara and Krawiec, Krzysztof and Machado, Penousal and Cotta, Carlos},
}


@incollection{ZelenaCGP,
    author = {Julian F. MILLER},
    title = {Cartesian Genetic Programming},
    booktitle = {Cartesian Genetic Programming},
    pages = {17--34},
    year = {2011},
    publisher = {Springer-Verlag Berlin Heidelberg},
    ISBN = {978-3-642-17309-7},
    language = {english}
}


@incollection{ZelenaIF,
    author = {Lukas SEKANINA and Simon L. HARDING and Wolfgang BANZHAF and Taras KOWALIW},
    title = {Image Processing and CGP},
    booktitle = {Cartesian Genetic Programming},
    pages = {181--214},
    year = {2011},
    publisher = {Springer-Verlag Berlin Heidelberg},
    ISBN = {978-3-642-17309-7},
    language = {english}
}


@incollection{SikuPPSN,
    title={Acceleration of evolutionary image filter design using coevolution in cartesian GP},
    author={Michaela SIKULOVA and Lukas SEKANINA},
    key={SIKULOVA, M.; SEKANINA, L.},
    booktitle={Parallel Problem Solving from Nature-PPSN XII},
    pages={163--172},
    year={2012},
    publisher={Springer},
    issn={0302-9743},
    volume={},
    isbn={978-3-642-32937-1},
    series={Lecture Notes in Computer Science},
    number={7491},
}
