@book{Modra,
    author = {Lukáš Sekanina and Zdeněk Vašíček and Richard Růžička and
        Michal Bidlo and Jiří Jaroš and Petr Švenda},
    title = {Evoluční hardware: Od automatického generování
        patentovatelných invencí k sebemodifikujícím se strojům},
    pages = {328},
    series = {Edice Gerstner},
    year = {2009},
    location = {Praha, CZ},
    publisher = {Academia},
    ISBN = {978-80-200-1729-1},
    language = {czech}
}


@book{Zelena,
    author = {Julian F. Miller (Ed.)},
    title = {Cartesian Genetic Programming},
    pages = {344},
    year = {2011},
    publisher = {Springer-Verlag Berlin Heidelberg},
    ISBN = {978-3-642-17309-7},
    language = {english}
}


@incollection{ZelenaCGP,
    author = {Julian F. Miller},
    title = {Cartesian Genetic Programming},
    booktitle = {Cartesian Genetic Programming},
    pages = {17-34},
    year = {2011},
    publisher = {Springer-Verlag Berlin Heidelberg},
    ISBN = {978-3-642-17309-7},
    language = {english}
}


@incollection{ZelenaIF,
    author = {Lukáš Sekanina and Simon L. Harding and Wolfgang Banzhaf and Taras Kowaliw},
    title = {Image Processing and CGP},
    booktitle = {Cartesian Genetic Programming},
    pages = {181-214},
    year = {2011},
    publisher = {Springer-Verlag Berlin Heidelberg},
    ISBN = {978-3-642-17309-7},
    language = {english}
}


@book{Handbook,
    author = {Rozenberg, Grzegorz and Bck, Thomas and Kok, Joost N.},
    title = {Handbook of Natural Computing},
    year = {2011},
    isbn = {978-3-540-92909-3},
    edition = {1st},
    publisher = {Springer Publishing Company, Incorporated},
}


@incollection{HandbookEA,
    author = {Kenneth De Jong},
    title = {Generalized Evolutionary Algorithms},
    booktitle = {Handbook of Natural Computing},
    pages = {638--669},
    year = 2011,
    isbn = {978-3-540-92909-3},
    edition = {1st},
    publisher = {Springer Publishing Company, Incorporated},
}


@incollection{SikuEuroGP,
  title={Coevolution in cartesian genetic programming},
  author={Michaela Šikulová and Lukáš Sekanina},
  booktitle={Genetic Programming},
  pages={182--193},
  year={2012},
  publisher={Springer}
}


@incollection{SikuPPSN,
  title={Acceleration of evolutionary image filter design using coevolution in cartesian GP},
  author={Michaela Šikulová and Lukáš Sekanina},
  booktitle={Parallel Problem Solving from Nature-PPSN XII},
  pages={163--172},
  year={2012},
  publisher={Springer}
}


@incollection{Siku2015,
  title={Indirectly Encoded Fitness Predictors Coevolved with Cartesian Programs},
  author={Michaela Šikulová},
  booktitle={},
  pages={},
  year={2015},
  publisher={}
}


@inproceedings{Hrbacek,
  title={Coevolutionary Cartesian Genetic Programming in FPGA},
  author={Radek Hrbáček and Michaela Šikulová},
  booktitle={Advances in Artificial Life, ECAL},
  volume={12},
  pages={431--438},
  year={2013}
}

